@misc{containertype,
    title={2 more newbie questions},
    publisher={Backyard Aquaponics},
    url={http://www.backyardaquaponics.com/forum/viewtopic.php?p=425875},
    urldate={2016-12-23}
}

@misc{grav-aquaponics2013,
    title={How To Build a Gravity-Based Aquaponics Garden Very Easily},
    publisher={This American Bacon},
    year={2013},
    url={https://www.youtube.com/watch?v=AaKDQiWYJow},
    urldate={2016-12-28}
}

@misc{opencv-blobs,
    title={Blob Dectection Using OpenCV (Python, C++)},
    year={2015},
    publisher={learnopencv.com},
    url={https://www.learnopencv.com/blob-detection-using-opencv-python-c/},
    urldate={2017-01-07},
    author={Satya Mallick}
}
